<?xml version="1.0" encoding="UTF-8"?><collection xmlns="http://www.loc.gov/MARC21/slim"><record><leader>00411nam--2200133-i-4500</leader><controlfield tag="001">000010377</controlfield><controlfield tag="002">20161230</controlfield><controlfield tag="005">20161230201028</controlfield><controlfield tag="008">060222s1000------------r-----000-0-eng-d</controlfield><datafield ind1=" " ind2=" " tag="080"><subfield code="a">00L.18 : 338.984.65.O12.23</subfield></datafield><datafield ind1=" " ind2=" " tag="100"><subfield code="a">Brijatoff Vladimir Et Kolb Francois</subfield></datafield><datafield ind1=" " ind2=" " tag="245"><subfield code="a">Planification et methodes de prevision dans l entreprise</subfield></datafield><datafield ind1=" " ind2=" " tag="260"><subfield code="a">Paris, Entreprise Moderne D Edition, 1969 Xviii + 153 P</subfield></datafield><datafield ind1=" " ind2=" " tag="852"><subfield code="a">37699</subfield></datafield></record></collection>